<?xml version="1.0" encoding="UTF-8"?><record xmlns="http://www.loc.gov/MARC21/slim" xmlns:cinclude="http://apache.org/cocoon/include/1.0" xmlns:zs="http://www.loc.gov/zing/srw/">
  <leader>00506nz  a2200145n  4500</leader>
  <controlfield tag="001">no2010192741</controlfield>
  <controlfield tag="003">DLC</controlfield>
  <controlfield tag="005">20101201094959.0</controlfield>
  <controlfield tag="008">101129n| acannaabn          |a aaa     c</controlfield>
  <datafield tag="010" ind1=" " ind2=" ">
    <subfield code="a">no2010192741</subfield>
  </datafield>
  <datafield tag="035" ind1=" " ind2=" ">
    <subfield code="a">(OCoLC)oca08699215</subfield>
  </datafield>
  <datafield tag="040" ind1=" " ind2=" ">
    <subfield code="a">NjP</subfield>
    <subfield code="b">eng</subfield>
    <subfield code="c">NjP</subfield>
  </datafield>
  <datafield tag="100" ind1="1" ind2=" ">
    <subfield code="a">Bredikhin, S. N.</subfield>
    <subfield code="q">(Sergeĭ Nikolaevich)</subfield>
  </datafield>
  <datafield tag="400" ind1="1" ind2=" ">
    <subfield code="a">Bredikhin, Sergeĭ Nikolaevich</subfield>
  </datafield>
  <datafield tag="670" ind1=" " ind2=" ">
    <subfield code="a">K voprosu o fenomene "i︠a︡zykovoĭ igry" filosofov i pisateleĭ, 2005:</subfield>
    <subfield code="b">t.p. (S.N. Bredikhin) colophon (Sergeĭ Nikolaevich Bredikhin)</subfield>
  </datafield>
</record>